<?xml version="1.0" encoding="UTF-8"?><collection xmlns="http://www.loc.gov/MARC21/slim"><record><leader>00416nam--2200145-i-4500</leader><controlfield tag="001">000011325</controlfield><controlfield tag="002">20161230</controlfield><controlfield tag="005">20161230201029</controlfield><controlfield tag="008">060222s1000------------r-----000-0-eng-d</controlfield><datafield ind1=" " ind2=" " tag="080"><subfield code="a">537.531.535.42</subfield></datafield><datafield ind1=" " ind2=" " tag="100"><subfield code="a">Azaroff, Leonid V. S.A</subfield></datafield><datafield ind1=" " ind2=" " tag="245"><subfield code="a">X ray diffraction, 1974</subfield></datafield><datafield ind1=" " ind2=" " tag="260"><subfield code="a">New York, Mc Graw Hill Book Company, 1974 Xviii 664 P</subfield></datafield><datafield ind1=" " ind2=" " tag="490"><subfield code="a">International Series In Pure And Applied Physics</subfield></datafield><datafield ind1=" " ind2=" " tag="852"><subfield code="a">42011</subfield></datafield></record></collection>